<?xml version="1.0" encoding="UTF-8"?><record xmlns="http://www.loc.gov/MARC21/slim" xmlns:cinclude="http://apache.org/cocoon/include/1.0" xmlns:zs="http://www.loc.gov/zing/srw/">
  <leader>00428nz  a2200145n  4500</leader>
  <controlfield tag="001">n 2014031340</controlfield>
  <controlfield tag="003">DLC</controlfield>
  <controlfield tag="005">20140602153930.0</controlfield>
  <controlfield tag="008">140602n| azannaabn          |n aaa      </controlfield>
  <datafield tag="010" ind1=" " ind2=" ">
    <subfield code="a">n 2014031340</subfield>
  </datafield>
  <datafield tag="040" ind1=" " ind2=" ">
    <subfield code="a">DLC</subfield>
    <subfield code="b">eng</subfield>
    <subfield code="e">rda</subfield>
    <subfield code="c">DLC</subfield>
  </datafield>
  <datafield tag="046" ind1=" " ind2=" ">
    <subfield code="f">19880605</subfield>
  </datafield>
  <datafield tag="100" ind1="1" ind2=" ">
    <subfield code="a">Barker, Cory,</subfield>
    <subfield code="d">1988-</subfield>
  </datafield>
  <datafield tag="670" ind1=" " ind2=" ">
    <subfield code="a">Mapping Smallville, 2014:</subfield>
    <subfield code="b">ECIP t.p. (Cory Barker)</subfield>
  </datafield>
  <datafield tag="670" ind1=" " ind2=" ">
    <subfield code="a">Email from Pub., June 2, 2014:</subfield>
    <subfield code="b">(Cory Andrew Barker; b. June 5, 1988)</subfield>
  </datafield>
</record>